@article{BrunnerHolloway:1,
 author = {Brunner, T. and Holloway, J.},
 title = {Two-Dimensional Time Dependent Riemann Solvers for Neutron Transport},
 journal = {Journal of Computational Physics},
 volume = {210},
 year = {2005},
 pages = {386--399},
 }

@techreport{Peterson:2,
author = {Peterson, L.},
title = {An Asymptotic-Preserving Spectral Method Based on the Radon Transform for the $P_N$ Approximation of Radiative Transfer},
institution = {Iowa State University},
year = {2018},
type = {Master's thesis},
}

@article{PieracciniPuppo:3,
author = {Pieraccini, S. and Puppo, G.},
title = {Implicit-Explicit Schemes for BGK Kinetic Equations},
journal = {Journal of Scientific Computing},
volume = {32},
year = {2007},
}

@article{Press:4,
author = {Press, W.},
title = {Discrete Radon Transform has an Exact, Fast Inverse and Generalizes to Operations other than Sums Along Lines},
journal = {PNAS},
volume = {103},
year = {2006},
pages = {19249-19254},
}

@article{Rim:5,
author = {Rim, D.},
title = {Dimensional Splitting of Hyperbolic Partial Differential Equations using the Radon Transform},
journal = {SIAM Journal of Scientific Computing},
volume = {40},
year = {2018},
pages = {A4184-A4207},
}

@techreport{Shin:6,
author = {Shin, M.},
title = {Hybrid Discrete ($H^T_N$) Approximations to the Equation of Radiative Transfer},
institution = {Iowa State Univeristy},
year = {2019},
type = {Ph.D. thesis},
}

@book{Trefethen:7,
author = {Trefethen, L.},
year = {2000},
title = {Spectral Methods in MATLAB},
publisher = {Society for Industrial and Applied Mathematics},
}